
% Term paper bibtex template - Ilona Sparks
% CSC 300: Professional Responsibilities
% Dr. Clark Turner

%the terms like handout and texTemp are the unique identifiers you use to cite the item in your paper

@article{fakeit,
 author = {Parnas, D L and Clements, P C},
 title = {A rational design process: How and why to fake it},
 journal = {IEEE Trans. Softw. Eng.},
 volume = {12},
 issue = {2},
 month = {February},
 year = {1986},
 issn = {0098-5589},
 pages = {251--257},
 numpages = {7},
 url = {http://portal.acm.org/citation.cfm?id=9794.9800},
 acmid = {9800},
 publisher = {IEEE Press},
 address = {Piscataway, NJ, USA},
}

@misc{secode,
    author = "{ACM/IEEE-CS joint task force on Software Engineering Ethics and Professional Practices}",
    title     = "Software Engineering Code of Ethics and Professional Practice",
    year     = "1999",
}

@misc{ProjectTriangle,
  author = "Wikipedia",
  title = "Project triangle --- Wikipedia{,} The Free Encyclopedia",
  year = "2010",
  url = "http://en.wikipedia.org/w/index.php?title=Project_triangle&oldid=394841197",
  note = "[Online; accessed 7-January-2011]"
}

@misc{mammenjavadoc,
  author = {Kurt Mammen},
  title = "CPE102 - How to write simple Java documentation for the javadoc tool",
  url = "http://users.csc.calpoly.edu/~kmammen/documents/java/howToWriteJavaDocs.html"
}

@misc{fisherrequirementsdoc,
  author = {Gene Fisher},
  title = "Requirements Specification Document Outline",
  url = "http://users.csc.calpoly.edu/~gfisher/classes/308/handouts/spec-doc-outline.html"
}

