%the terms like handout and texTemp are the unique identifiers you use to cite the item in your paper
@misc{createspaceMemberAgreement,   
   title         = {Member Agreement},
   howpublished  = "\url{https://www.createspace.com/MemberAgreement.jsp}",
   note          = {Retrieved 2011, January 16},
}

@misc{createspaceContentGuidelines,
   title        = {CreateSpace Content Guidelines},
   howpublished = "\url{https://www.createspace.com/Help/Rights/ContentGuidelines.jsp}",
   note         = {Retrieved 2011, January 16},
}

@misc{AmazonDTPContentGuidelines,
   title        = {Amazon DTP Support: Content Guidlines},
   howpublished = "\url{http://forums.digitaltextplatform.com/dtpforums/entry.jspa?externalID=122&categoryID=27}",
   note         = {Retrieved 2011, January 16},
}

@misc{AmazonLolitaDTPListing,
   title        = {Lolita eBook: Vladimir Nabokov: Kindle Store},
   howpublished = "\url{http://www.amazon.com/Lolita-ebook/dp/B003WUYRB8/ref=sr_1_1?ie=UTF8&m=AG56TWVU5XWC2&s=digital-text}",
   note         = {Retrieved 2011, January 20},
}

@misc{TechCrunchAmazonCensorship,
   title        = {The 158,221st Best-Selling Kindle Book: The Pedophile’s Guide To Love And Pleasure},
   author       = {MG Siegler},
   howpublished = "\url{http://techcrunch.com/2010/11/10/kindle-pedophile-book/}",
   note         = {Retrieved 2011, January 20},
}

@misc{ShermanAmazonExecs,
   title        = {Amazon Execs Can’t Define Porn, but They Know It When They See It},
   author       = {Erik Sherman},
   howpublished = "\url{http://www.bnet.com/blog/technology-business/amazon-execs-can-8217t-define-porn-but-they-know-it-when-they-see-it/7781}",
   note         = {Retrieved 2011, January 20},
}

@misc{KittSelfPubRevolution,
   title        = {Amazon in the Book Banning Business},
   author       = {Selina Kitt},
   howpublished = "\url{http://theselfpublishingrevolution.blogspot.com/2010/12/amazon-in-book-banning-business.html}",
   note         = {Retrieved 2011, January 16},
}

@misc{secode,
       author   = "{ACM/IEEE-CS joint task force on Software Engineering Ethics and Professional Practices}",
       title    = "Software Engineering Code of Ethics and Professional Practice",
       year     = "1999",
}

@misc{AmazonIRFAQ,
  title = {Amazon.com Investor Relations: FAQ},
  howpublished = "\url{http://phx.corporate-ir.net/phoenix.zhtml?c=97664&p=irol-faq#14296}",
}

@misc{AmazonCorpGovernance,
  title = {Amazon.com Investor Relations: FAQ},
  howpublished = "\url{http://phx.corporate-ir.net/phoenix.zhtml?c=97664&p=irol-faq#14296}",
}

@misc{BOEvsPico,
  title = {BOARD OF EDUCATION v. PICO, 457 U.S. 853 (1982)},
  howpublished = "\url{http://laws.findlaw.com/us/457/853.html}",
}

@misc{MillerVsCA,
  title = {Case Summary for Miller v. California},
  howpublished = "\url{http://www.firstamendmentcenter.org/faclibrary/casesummary.aspx?case=Miller_v_CA}",
}

@misc{LATimesRussQuote,
  title = {Amazon's Kindle opens new chapter for publishing industry},
  howpublished = "\url{http://articles.latimes.com/2010/dec/29/business/la-fi-amazon-kindle-qanda-20101229}",
}
