@misc{AmazonCorpGovernance,
  title = "{Amazon.com Investor Relations: FAQ}",
  howpublished = "\url{http://phx.corporate-ir.net/phoenix.zhtml?c=97664&p=irol-govHighlights}",
}

@misc{AmazonIRFAQ,
  title = "{Amazon.com Investor Relations: FAQ}",
  howpublished = "\url{http://phx.corporate-ir.net/phoenix.zhtml?c=97664&p=irol-faq#14296}",
}

@misc{AmazonBabysittingListing,
   title        = "{Amazon.com: Babysitting the Baumgartners}",
   howpublished = "\url{http://www.amazon.com/Babysitting-Baumgartners-Erotic-Coming-ebook/dp/B003G2ZVF8/ref=tmm_kin_title_0?ie=UTF8&m=AG56TWVU5XWC2&qid=1298610875&sr=1-1}",
   note         = {Retrieved 2011, February 24}
}


@misc{AmazonLolitaDTPListing,
   title        = "{Lolita eBook: Vladimir Nabokov: Kindle Store}",
   howpublished = "\url{http://www.amazon.com/Lolita-ebook/dp/B003WUYRB8/ref=sr_1_1?ie=UTF8&m=AG56TWVU5XWC2&s=digital-text}",
   note         = {Retrieved 2011, January 20},
}

@misc{AmazonKDPContentGuidelines,
   title        = "{Amazon KDP Support: Content Guidlines}",
   howpublished = "\url{http://forums.kindledirectpublishing.com/kdpforums/entry.jspa?externalID=122&categoryID=27}",
   note         = {Retrieved 2011, January 16},
}

@misc{BlurbEULA,
   title        = "{Policies and Legal - End User License Agreement | Blurb}",
   howpublished = "\url{http://www.blurb.com/about/eula}",
   note         = {Retrieved 2011, February 11},
}

@misc{BOEvsPico,
  title = "{BOARD OF EDUCATION v. PICO, 457 U.S. 853 (1982)}",
  howpublished = "\url{http://laws.findlaw.com/us/457/853.html}",
}

@misc{BookSurgeAcquisition,
  title = "{Amazon Expands Into Book Printing}",
  howpublished = "\url{http://www.nytimes.com/2005/04/11/technology/11ecom.html?_r=1&ei=|}",
}

@misc{CustomFlixAcquisition,
  title = "{Amazon buys DVD-on-demand site}",
  howpublished = "\url{http://news.cnet.com/Amazon-buys-DVD-on-demand-site/2100-1025_3-5783824.html}",
}

@misc{createspaceMemberAgreement,   
   title         = "{Member Agreement}",
   howpublished  = "\url{https://www.createspace.com/MemberAgreement.jsp}",
   note          = {Retrieved 2011, January 16},
}

@misc{createspaceContentGuidelines,
   title        = "{CreateSpace Content Guidelines}",
   howpublished = "\url{https://www.createspace.com/Help/Rights/ContentGuidelines.jsp}",
   note         = {Retrieved 2011, January 16},
}

@misc{Dictionary,
   title        = {Dictionary.com},
   howpublished = "\url{http://dictionary.reference.com/}",
}

@misc{EHowSelfPub,
   title        = "{How to Self-Publish a Book}",
   howpublished = "\url{http://www.ehow.com/how_107987_self-publish-book.html}",
}

@misc{EHowThai,
   title        = "{How to Thank a Thai Host}",
   howpublished = "\url{http://www.ehow.com/how_2174399_thank-thai-host.html}",
}

@article{fakeit,
 author = {Parnas, D L and Clements, P C}, 
 title = "{A rational design process: How and why to fake it}",
 journal = {IEEE Trans. Softw. Eng.},
 volume = {12},
 issue = {2},
 month = {February},
 year = {1986},
 issn = {0098-5589},
 pages = {251--257},
 numpages = {7},
 url = "\url{http://portal.acm.org/citation.cfm?id=9794.9800}",
 acmid = {9800},
 publisher = {IEEE Press},
 address = {Piscataway, NJ, USA},
}

@misc{HotelTravelSingapore,
  title        = "{Singapore Travel Tips}",
  howpublished = "\url{http://www.hoteltravel.com/singapore/guides/travel_tips.htm}",
}

@misc{iasshole,
  title        = "{So, I Got The P*dophelia Book, How’s Your Day Going?}",
  howpublished = "\url{http://iasshole.org/?p=2138}",
  note         = {Retrieved 2011, Feb 10},
}

@misc{jamthecat,
  title        = "{Boycott Amazon.com}",
  howpublished = "\url{http://jamthecat.blogspot.com/2010/12/boycott-amazoncom.html}",
}

@misc{KantCategorical,
  title        = "{Notes on Deontology}",
  howpublished = "\url{http://webs.wofford.edu/kaycd/ethics/deon.htm}",
}

@misc{KittSelfPubRevolution,
   title        = "{Amazon in the Book Banning Business}",
   author       = {Selina Kitt},
   howpublished = "\url{http://theselfpublishingrevolution.blogspot.com/2010/12/amazon-in-book-banning-business.html}",
   note         = {Retrieved 2011, January 16},
}

@misc{LATimesRussQuote,
  title = "{Amazon's Kindle opens new chapter for publishing industry}",
  howpublished = "\url{http://articles.latimes.com/2010/dec/29/business/la-fi-amazon-kindle-qanda-20101229}",
}

@misc{LuluMemberAgreement,
  title        = "{Member Agreement - Lulu.com}",
  howpublished = "\url{http://www.lulu.com/about/member_agreement.php}",
  note         = {Retrieved 2011, February 11},
}

@inbook{MathiesenCensorship,
  author = {Kay Mathiesen},
  editor = "Kenneth Einar Himma and Herman T. Tavani",
  title  = "{The Handbook of Information and Computer Ethics}",
  chapter = 24,
  publisher = {John Wiley \& Sons, Inc.},
  year = 2008,
}

@misc{MillerVsCA,
  title = "{Case Summary for Miller v. California}",
  howpublished = "\url{http://www.firstamendmentcenter.org/faclibrary/casesummary.aspx?case=Miller_v_CA}",
}

@misc{MLTop100,
  title = "{100 Best Novels - Modern Library}",
  howpublished = "\url{http://www.modernlibrary.com/top-100/100-best-novels/}",
}

@misc{ProjectGutenberg,
  title = "{Project Gutenberg}",
  howpublished = "\url{http://www.gutenberg.org/}",
}

@misc{PubItContentPolicy,
  title = "{PubIt! FAQ and Support}",
  howpublished = "\url{http://pubit.barnesandnoble.com/pubit_app/bn?t=support}",
  note         = {Retrieved 2011, February 11},
}

@misc{secode,
       author   = "{ACM/IEEE-CS joint task force on Software Engineering Ethics and Professional Practices}",
       title    = "Software Engineering Code of Ethics and Professional Practice",
       year     = "1999",
}

@misc{ShermanAmazonExecs,
   title        = "{Amazon Execs Can’t Define Porn, but They Know It When They See It}",
   author       = {Erik Sherman},
   howpublished = "\url{http://www.bnet.com/blog/technology-business/amazon-execs-can-8217t-define-porn-but-they-know-it-when-they-see-it/7781}",
   note         = {Retrieved 2011, January 20},
}

@misc{TechCrunchAmazonCensorship,
   title        = "{The 158,221st Best-Selling Kindle Book: The Pedophile’s Guide To Love And Pleasure}",
   author       = {MG Siegler},
   howpublished = "\url{http://techcrunch.com/2010/11/10/kindle-pedophile-book/}",
   note         = {Retrieved 2011, January 20},
}

@misc{TechCrunchAmazonPedophilia,
   title        = "{Why Did Amazon Just Pull A Top-Selling Book? Oh, That’s Right, It’s A Pedophilia How-To}",
   author       = "{Alexis Tsotsis}",
   howpublished = "{http://techcrunch.com/2010/11/10/amazon-pedophile/}",
}

@misc{Title35,
  title = "{U.S. Code: Title 35, Part II, Chapter 11 \S 112}",
  howpublished = "\url{http://www.law.cornell.edu/uscode/35/112.html}",
}

@misc{Thesaurus,
   title        = {Thesaurus.com},
   howpublished = "\url{http://thesaurus.com}",
}

@misc{UnderMrNolan,
  title = "{Under Mr. Nolan's Bed (An Erotic / Erotica Menage Romance), PubIt! Listing}",
  howpublished = "\url{http://search.barnesandnoble.com/Under-Mr-Nolans-Bed/Selena-Kitt/e/9781609820220}",
}

@misc{WebsterOnlineDict,
  title = "{Dictionary and Thesaurus - Merrian-Webster Online}",
  howpublished = "\url{http://www.merriam-webster.com/}",
}

@misc{WhatPublisherDoes,
  title = "{What a Publisher Does}",
  howpublished = "\url{http://www.underdown.org/publisher-expertise.htm}",
}

@misc{WikipediaLolita,
  title = {Lolita},
  howpublished = "\url{http://en.wikipedia.org/wiki/Lolita}",
}

@misc{WorldCatLolita,
  title = "{Lolita, Book 1989}",
  howpublished = "\url{http://www.worldcat.org/title/lolita/oclc/18681573&referer=brief_results}",
}

